<record><leader>00000cas a22000007a 4500</leader><controlfield tag="001">11602274</controlfield><controlfield tag="008">850121d18621862vauuu ne      0    0eng d</controlfield><datafield ind1=" " ind2=" " tag="010"><subfield code="a">sn 85025195 </subfield></datafield><datafield ind1=" " ind2=" " tag="040"><subfield code="a">NPX</subfield><subfield code="b">eng</subfield><subfield code="c">NPX</subfield><subfield code="d">NPY</subfield><subfield code="d">RHN</subfield><subfield code="d">NVK</subfield><subfield code="d">CNK</subfield><subfield code="d">OCL</subfield><subfield code="d">NVK</subfield><subfield code="d">MHS</subfield><subfield code="d">OCLCQ</subfield><subfield code="d">OCLCF</subfield></datafield><datafield ind1=" " ind2=" " tag="042"><subfield code="a">msc</subfield></datafield><datafield ind1=" " ind2=" " tag="043"><subfield code="a">n-us-va</subfield></datafield><datafield ind1=" " ind2="4" tag="050"><subfield code="a">AP2</subfield><subfield code="b">.F53</subfield></datafield><datafield ind1="0" ind2="4" tag="245"><subfield code="a">The First Minnesota.</subfield></datafield><datafield ind1="1" ind2="3" tag="246"><subfield code="a">Berryville conservator</subfield></datafield><datafield ind1=" " ind2=" " tag="260"><subfield code="a">Berryville, Va. :</subfield><subfield code="b">Typographical Fraternity of the First Minnesota Regiment,</subfield><subfield code="c">1862-</subfield></datafield><datafield ind1=" " ind2=" " tag="300"><subfield code="a">v. ;</subfield><subfield code="c">43 cm.</subfield></datafield><datafield ind1="0" ind2=" " tag="362"><subfield code="a">Vol. 1, no. 1 (Mar. 11, 1862)-</subfield></datafield><datafield ind1="1" ind2=" " tag="362"><subfield code="a">Ceased in 1862.</subfield></datafield><datafield ind1=" " ind2=" " tag="500"><subfield code="a">Issue for Mar. 11, 1862 also published in a second ed. on Mar. 11, 1862.</subfield></datafield><datafield ind1=" " ind2=" " tag="580"><subfield code="a">Issued with: Berryville conservator, Mar. 11, 1862.</subfield></datafield><datafield ind1=" " ind2="0" tag="651"><subfield code="a">Virginia</subfield><subfield code="x">History</subfield><subfield code="y">Civil War, 1861-1865</subfield><subfield code="v">Newspapers.</subfield></datafield><datafield ind1=" " ind2="0" tag="651"><subfield code="a">United States</subfield><subfield code="x">History</subfield><subfield code="y">Civil War, 1861-1865</subfield><subfield code="v">Newspapers.</subfield></datafield><datafield ind1=" " ind2="0" tag="651"><subfield code="a">Berryville (Va.)</subfield><subfield code="v">Newspapers.</subfield></datafield><datafield ind1=" " ind2="7" tag="655"><subfield code="a">History.</subfield><subfield code="2">fast</subfield><subfield code="0">(OCoLC)fst01411628</subfield></datafield><datafield ind1=" " ind2="7" tag="655"><subfield code="a">Newspapers.</subfield><subfield code="2">fast</subfield><subfield code="0">(OCoLC)fst01423814</subfield></datafield><datafield ind1="2" ind2="7" tag="611"><subfield code="a">American Civil War (1861-1865)</subfield><subfield code="2">fast</subfield><subfield code="0">(OCoLC)fst01351658</subfield></datafield><datafield ind1=" " ind2="7" tag="648"><subfield code="a">1861 - 1865</subfield><subfield code="2">fast</subfield></datafield><datafield ind1=" " ind2="7" tag="651"><subfield code="a">United States.</subfield><subfield code="2">fast</subfield><subfield code="0">(OCoLC)fst01204155</subfield></datafield><datafield ind1=" " ind2="7" tag="651"><subfield code="a">Virginia.</subfield><subfield code="2">fast</subfield><subfield code="0">(OCoLC)fst01204597</subfield></datafield><datafield ind1=" " ind2="7" tag="651"><subfield code="a">Virginia</subfield><subfield code="z">Berryville.</subfield><subfield code="2">fast</subfield><subfield code="0">(OCoLC)fst01227169</subfield></datafield><datafield ind1=" " ind2=" " tag="752"><subfield code="a">United States</subfield><subfield code="b">Virginia</subfield><subfield code="c">Clarke</subfield><subfield code="d">Berryville.</subfield></datafield><datafield ind1="1" ind2=" " tag="777"><subfield code="t">Berryville conservator</subfield><subfield code="w">(DLC)sn 85038632</subfield></datafield></record>